
@MastersThesis{Kant10,
 title = {Distributed state space generation for graphs up to isomorphism},
 author = {G. Kant},
 year = {2010},
 url = {http://essay.utwente.nl/59672},
 school = {University of Twente}
}

@inproceedings{ltsmin,
            author = {S. C. C. {Blom} and J. C. {van de Pol} and M. {Weber}},
             title = {{LTSmin}: Distributed and Symbolic Reachability},
         booktitle = {Proc.\ CAV'10},
          eprintid = {18152},
               doi = {10.1007/978-3-642-14295-6_31},
              issn = {0302-9743},
         num_pages = {6},
            series = {LNCS~6174},
         publisher = {Springer},
           isbn_13 = {978-3-642-14294-9},
              year = {2010},
             pages = {354--359}
}

@inproceedings{cadp,
  author    = {H. Garavel and
               F. Lang and
               R. Mateescu and
               W. Serwe},
  title     = {{CADP} 2010: A Toolbox for the Construction and Analysis of
               Distributed Processes},
  booktitle = {Proc.\ TACAS'11},
  year      = {2011},
  pages     = {372-387},
  publisher = {Springer},
  series    = {LNCS~6605},
  isbn      = {978-3-642-19834-2},
  doi       = {10.1007/978-3-642-19835-9_33}
}

@inproceedings{prism,
  author={M. Kwiatkowska and G. Norman and D. Parker},
  title={{PRISM} 4.0: Verification of Probabilistic Real-time Systems},
  booktitle={Proc.\ CAV'11},
  year={2011},
  publisher={Springer},
  series={LNCS~6806},
  pages = {585--591},
  doi = {10.1007/978-3-642-22110-1_47}
}

@InCollection{mcrl2,
  author = {J.F. Groote and A.H.J. Mathijssen and M.A. Reniers and Y.S. Usenko and M.J. van Weerdenburg},
  title = {The Formal Specification Language \mcrl},
  booktitle = {Methods for Modelling Software Systems},
  publisher = {IBFI, Schloss Dagstuhl},
  year = 2007
}

@inproceedings{henshin,
  author = {T. Arendt and E. Bierman and S. Jurack and C. Krause and G. Taentzer},
  title = {\henshin: Advanced Concepts and Tools for In-Place {EMF} Model Transformations},
  booktitle = {Proc.\ MoDELS'10},
  year = {2010},
  publisher = {Springer},
  series = {LNCS~6394},
  pages = {121--135},
  doi = {10.1007/978-3-642-16145-2_9}
}

@Misc{ocl,
  key = {OCL},
  author = {OCL},
  title = {{Object Constraint Language}},
  howpublished = {\url{http://www.omg.org/technology/documents/formal/ocl.htm}}
}

@Misc{emf,
  key = {EMF},
  author = {EMF},
  title = {The {Eclipse Modeling Framework}},
  howpublished = {\url{http://www.eclipse.org/emf}}
}

@article{HGM06,
 author = {Heckel, R. and Lajios, G. and Menge, S.},
 title = {Stochastic Graph Transformation Systems},
 journal = {Fundamenta Informaticae},
 volume = {74},
 number = {1},
 year = {2006},
 issn = {0169-2968},
 pages = {63--84},
 publisher = {IOS Press},
 address = {Amsterdam, The Netherlands},
}

@inproceedings{groove,
   author = {Rensink, A.},
   title = {The \groove simulator: A tool for state space generation},
   booktitle = {Proc.\ AGTIVE'03},
   series = {LNCS~3062},
   publisher = {Springer},
   year = {2004},
   pages = {479--485},
   doi = {10.1007/b98116}
}

@Misc{henshin-website,
  key = {Henshin},
  author = {\henshin project homepage},
  howpublished = {\url{http://www.eclipse.org/modeling/emft/henshin}}
}

@INPROCEEDINGS{GM99,
    author = {J. F. Groote and R. Mateescu},
    title = {Verification of Temporal Properties of Processes in a Setting with Data},
    booktitle = {Proc.\ AMAST'98},
    year = {1999},
    pages = {74--90},
    series = {LNCS~1548},
    publisher = {Springer}
}

@article{MS03,
 author = {Mateescu, R. and Sighireanu, M.},
 title = {Efficient on-the-fly model-checking for regular alternation-free $\mu$-calculus},
 journal = {Sci. Comput. Program.},
 volume = {46},
 issue = {3},
 year = {2003},
 issn = {0167-6423},
 pages = {255--281},
 numpages = {27},
 doi = {10.1016/S0167-6423(02)00094-1},
 publisher = {Elsevier North-Holland, Inc.},
 address = {Amsterdam, The Netherlands}
} 

@ARTICLE{HJ94,
    author = {H. Hansson and B. Jonsson},
    title = {A Logic for Reasoning about Time and Reliability},
    journal = {Formal Aspects of Computing},
    year = {1994},
    volume = {6},
    pages = {102--111}
}

@incollection {BHHK00,
   author = {Baier, C. and Haverkort, B. and Hermanns, H. and Katoen, J.-P.},
   title = {Model Checking Continuous-Time {Markov} Chains by Transient Analysis},
   booktitle = {Prc.\ CAV'00},
   series = {LNCS~1855},
   publisher = {Springer},
   pages = {358--372},
   year = {2000}
}

@inproceedings{Taentzer04,
  author = {Taentzer, G.},
  title = {{AGG}: A graph transformation environment for modeling and validation of software},
  booktitle = {Proc. {AGTIVE}'03},
  year = {2004},
  doi = {10.1007/b98116},
  pages = {446--453},
  series = {LNCS~3062},
  publisher = {Springer}
}

@INPROCEEDINGS{HKT02,
    author = {R. Heckel and J. M. K{\"u}ster and G. Taentzer},
    title = {Confluence of Typed Attributed Graph Transformation Systems},
    booktitle = {Proc. ICGT'02},
    year = {2002},
    pages = {161--176},
    series = {LNCS~2505},
    publisher = {Springer}
}

@incollection {EE05,
   author = {Ehrig, H. and Ehrig, K. and de Lara, J. and Taentzer, G. and Varr{\'o}, D. and Varr{\'o}-Gyapay, S.},
   title = {Termination Criteria for Model Transformation},
   booktitle = {Proc.~FASE'05},
   series = {LNCS~3442},
   publisher = {Springer},
   pages = {49--63},
   year = {2005}
}

@incollection {BM09,
   author = {Boronat, A. and Meseguer, J.},
   affiliation = {University of Leicester Department of Computer Science},
   title = {Algebraic Semantics of {OCL}-Constrained Metamodel Specifications},
   booktitle = {Objects, Components, Models and Patterns},
   series = {LNBIP~33},
   publisher = {Springer},
   isbn = {978-3-642-02571-6},
   pages = {96--115},
   year = {2009}
}

@inproceedings{maude,
  author =	 {M. Clavel and F. Dur\'{a}n and
		  S. Eker and P. Lincoln and
                  N. Mart\'{\i}-Oliet and J. Meseguer and
                  C. Talcott},
  title =	 {The {Maude} 2.0 System},
  booktitle = {Proc. RTA'03},
  series =	 {LNCS~2706},
  pages =	 {76--87},
  year =	 {2003},
  publisher =	 {Springer}
}

@InProceedings{rensink06, 
      AUTHOR = {Kastenberg, H. and Rensink, A.}, 
      TITLE = {Model Checking Dynamic States in \groove}, 
      YEAR = {2006}, 
      BOOKTITLE = {Proc.\ SPIN'06}, 
      PAGES = {299--305}, 
      SERIES = {LNCS~3925}, 
      PUBLISHER = {Springer},
      doi = {10.1007/11691617_19}
}

@inbook{Corradini97,
  author = {A. Corradini and U. Montanari and F. Rossi and H. Ehrig and R. Heckel and M. L\"owe},
  title = {Handbook of Graph Grammars and Computing by Graph Transformation},
  chapter =	 {Algebraic approaches to graph transformation~{I}: Basic concepts and double pushout approach},
  publisher = {World Scientific},
  year = {1997},
  pages = {163--245}
}

@misc{RailCab,
  key = {RailCab},
  title = {{RailCab} project homepage},
  howpublished = {\url{http://www.railcab.de/}}
}

@InProceedings{Boronat2009, 
      AUTHOR = {Boronat, A. and Heckel, R. and Meseguer, J.}, 
      TITLE = {Rewriting Logic Semantics and Verification of Model Transformations}, 
      YEAR = {2009}, 
      BOOKTITLE = {Proc.\ FASE'09}, 
      PAGES = {18--33}, 
      SERIES = {LNCS~5503}, 
      PUBLISHER = {Springer}, 
      doi = {10.1007/978-3-642-00593-0_2}, 
}
