@preamble{ "\newcommand{\noopsort}[1]{} "
	# "\newcommand{\printfirst}[2]{#1} "
	# "\newcommand{\singleletter}[1]{#1} "
	# "\newcommand{\switchargs}[2]{#2#1} " }

@Book{Buttner,
  author = {Fabian B\"{u}ttner and Martin Gogolla and Lars Hamann and Mirco Kuhlmann},
   title = "On Better Understanding OCL Collections or An OCL Ordered Set is not an OCL Set",
   organization = "MODELS 2009 OCL Workshop",
}

@MISC{MDT/OCL,
   title = "Eclipse MDT/OCL Project",
   url = "http://www.eclipse.org/projects/project_summary.php?projectid=modeling.mdt.ocl",
}

@MANUAL{MOFM2T,
   title = "MOF Model to Text Transformation Language",
   organization = "Object Management Group",
   edition = " v1.0, OMG Document Number: formal/2008-01-16",
   url = "http://www.omg.org/spec/MOFM2T/1.0",
}


@MANUAL{OCL-1.6,
   title = "Object Constraint Language",
   organization = "Object Management Group",
   edition = "Version 1.6, OMG Document Number: formal/2010-02-01",
   url = "http://www.omg.org/spec/OCL/1.6",
}


@MANUAL{OCL-2.0,
   title = "Object Constraint Language",
   organization = "Object Management Group",
   edition = "Version 2.0, OMG Document Number: formal/06-05-01, 2006",
   url = "http://www.omg.org/spec/OCL/2.0",
}

@MANUAL{OCL-2.2,
   title = "Object Constraint Language",
   organization = "Object Management Group",
   edition = "Version 2.2, OMG Document Number: formal/2010-02-01",
   url = "http://www.omg.org/spec/OCL/2.2",
}

@MANUAL{OCL-2.3,
   organization = "Object Management Group",
   edition = "Version 2.3, OMG Document Number: formal/2010-11-42",
   url = "http://www.omg.org/spec/OCL/2.3",}

@MANUAL{OCL-RFP,
   title = "Object Constraint Language version 2.0, Request for Proposals9",
   organization = "Object Management Group",
}

@MANUAL{OCL-UML,
   title = "Aligning OCL with UML",
}

@MANUAL{QVT-1.0,
   title = "Query/View/Transformation Specification",
   organization = "Object Management Group",
   edition = "Version 1.0, OMG Document Number: formal/08-04-03, 2008",
   url = http://www.omg.org/spec/QVT/1.0/",
}

@MISC{TMF/Xtext,
   title = "Eclipse TMF/Xtext Project",
   url = "http://www.eclipse.org/Xtext",
}

@MANUAL{UML-2.0,
   title = "Unified Modeling Language, Infrastructure",
   organization = "Object Management Group",
   edition = "Version 2.03, OMG Document Number: formal/2005-07-05",
   url = "http://www.omg.org/spec/UML/2.0/",
}


